@article{2021,
  title = {Viya: Top Chinese Live-Streamer Fined \$210m for Tax Evasion},
  shorttitle = {Viya},
  year = {2021},
  month = dec,
  journal = {BBC News},
  url = {https://www.bbc.com/news/world-asia-china-59732499},
  urldate = {2023-06-18},
  chapter = {China},
  langid = {british}
}

@misc{2022a,
  title = {Taiwan's Tax System, the Two Covenants, and the Tai Ji Men Case: Six Problems},
  shorttitle = {Taiwan's Tax System, the Two Covenants, and the Tai Ji Men Case},
  year = {2022},
  month = jul,
  journal = {The Journal of CESNUR},
  url = {http://cesnur.net/taiwans-tax-system-the-two-covenants-and-the-tai-ji-men-case-six-problems/},
  urldate = {2023-06-18},
  langid = {american}
}

@misc{2022b,
  title = {Judicial Statistics Yearbook},
  year = {2022},
  month = mar,
  journal = {Judicial Yuan R.O.C. (Taiwan)},
  publisher = {Judicial Yuan},
  url = {https://www.judicial.gov.tw/en/lp-2206-2.html},
  urldate = {2023-06-19},
  copyright = {Judicial Yuan},
  langid = {english}
}

@article{2023,
  title = {{\emph{Moritz v. Commissioner}}},
  year = {2023},
  month = jun,
  journal = {Wikipedia},
  url = {https://en.wikipedia.org/w/index.php?title=Moritz_v._Commissioner&oldid=1158552724},
  urldate = {2023-06-18},
  copyright = {Creative Commons Attribution-ShareAlike License},
  langid = {english},
  annotation = {Page Version ID: 1158552724}
}

@article{2023a,
  title = {Welfare State},
  year = {2023},
  month = jun,
  journal = {Wikipedia},
  url = {https://en.wikipedia.org/w/index.php?title=Welfare_state&oldid=1159298979},
  urldate = {2023-06-19},
  copyright = {Creative Commons Attribution-ShareAlike License},
  langid = {english},
  annotation = {Page Version ID: 1159298979}
}

@article{2023b,
  title = {No Taxation without Representation},
  year = {2023},
  month = jun,
  journal = {Wikipedia},
  url = {https://en.wikipedia.org/w/index.php?title=No_taxation_without_representation&oldid=1159571933},
  urldate = {2023-06-19},
  copyright = {Creative Commons Attribution-ShareAlike License},
  langid = {english},
  annotation = {Page Version ID: 1159571933}
}

@article{Buehler1940,
  title = {The Tax System and Tax Consciousness},
  author = {Buehler, Alfred G.},
  year = {1940},
  journal = {The Bulletin of the National Tax Association},
  volume = {25},
  number = {8},
  eprint = {41788059},
  eprinttype = {jstor},
  pages = {237--246},
  publisher = {National Tax Association},
  issn = {2327-8706},
  url = {https://www.jstor.org/stable/41788059},
  urldate = {2023-06-19}
}

@article{Cheng2022,
  title = {Taiwan's Tax System, the Two Covenants, and the Tai Ji Men Case: Six Problems},
  shorttitle = {Taiwan's Tax System, the Two Covenants, and the Tai Ji Men Case},
  author = {Cheng, Annie},
  year = {2022},
  month = jul,
  journal = {The Journal of CESNUR},
  number = {Volume 6, Issue 4},
  pages = {113--121},
  issn = {2532-2990},
  doi = {10.26338/tjoc.2022.6.4.9},
  url = {https://doi.org/10.26338/tjoc.2022.6.4.9},
  urldate = {2023-06-18},
  langid = {english}
}

@book{chomsky2013anarchism,
  title = {On Anarchism},
  author = {Chomsky, Noam},
  year = {2013},
  publisher = {The New Press},
  url = {https://theanarchistlibrary.org/library/noam-chomsky-on-anarchism}
}

@misc{Citizensgateway2013,
  title = {Noam Chomsky Explains Taxes in 40 Seconds},
  author = {{Citizensgateway}},
  year = {2013},
  month = feb,
  url = {https://www.youtube.com/watch?v=gsUJGwZcVVU},
  urldate = {2023-06-19}
}

@article{CorletWalker2021,
  title = {Welfare Systems without Economic Growth: A Review of the Challenges and next Steps for the Field},
  shorttitle = {Welfare Systems without Economic Growth},
  author = {Corlet Walker, Christine and Druckman, Angela and Jackson, Tim},
  year = {2021},
  month = aug,
  journal = {Ecological Economics},
  volume = {186},
  pages = {107066},
  issn = {0921-8009},
  doi = {10.1016/j.ecolecon.2021.107066},
  url = {https://www.sciencedirect.com/science/article/pii/S0921800921001245},
  urldate = {2023-06-18},
  langid = {english}
}

@article{DiGioacchino2020,
  title = {Tax Evasion and Tax Morale: A Social Network Analysis},
  shorttitle = {Tax Evasion and Tax Morale},
  author = {Di Gioacchino, Debora and Fichera, Domenico},
  year = {2020},
  month = dec,
  journal = {European Journal of Political Economy},
  volume = {65},
  pages = {101922},
  issn = {0176-2680},
  doi = {10.1016/j.ejpoleco.2020.101922},
  url = {https://www.sciencedirect.com/science/article/pii/S0176268020300707},
  urldate = {2023-06-19},
  langid = {english}
}

@article{finn2017other,
  title = {The Other Preamble: Civic Constitutionalism and the Preamble to the Bill of Rights},
  author = {Finn, John E},
  year = {2017},
  journal = {Concordia L. Rev.},
  volume = {2},
  publisher = {HeinOnline},
  url = {https://digitalcommons.csp.edu/cgi/viewcontent.cgi?article=1007&context=clr}
}

@book{Genschel2021,
  title = {Global Taxation: How Modern Taxes Conquered the World},
  shorttitle = {Global Taxation},
  author = {Genschel, Philipp and Seelkopf, Laura},
  year = {2021},
  month = sep,
  publisher = {Oxford University Press},
  googlebooks = {US9VEAAAQBAJ},
  isbn = {978-0-19-265210-2},
  langid = {english}
}

@article{Jacobsen2020,
  title = {Abrogating the Rule of Law: The Tai Ji Men Tax Case in Taiwan},
  shorttitle = {Abrogating the Rule of Law},
  author = {Jacobsen, Kenneth A.},
  year = {2020},
  journal = {The journal of CESNUR},
  volume = {4},
  number = {5},
  pages = {101},
  issn = {2532-2990},
  langid = {english}
}

@book{Kato2003,
  title = {Regressive Taxation and the Welfare State: Path Dependence and Policy Diffusion},
  shorttitle = {Regressive Taxation and the Welfare State},
  author = {Kato, Junko},
  year = {2003},
  series = {Cambridge Studies in Comparative Politics},
  publisher = {Cambridge University Press},
  address = {Cambridge},
  doi = {10.1017/CBO9780511510212},
  url = {https://www.cambridge.org/core/books/regressive-taxation-and-the-welfare-state/E62443FA27C3FF165C079374AA6DA6A2},
  urldate = {2023-06-19},
  isbn = {978-0-521-82452-1}
}

@incollection{Kemmerling2022,
  title = {Social Security Contributions and the Fiscal Origins of the Welfare State},
  booktitle = {Global Taxation: How Modern Taxes Conquered the World},
  author = {Kemmerling, Achim},
  editor = {Genschel, Philipp and Seelkopf, Laura},
  year = {2022},
  month = jan,
  pages = {0},
  publisher = {Oxford University Press},
  doi = {10.1093/oso/9780192897572.003.0010},
  url = {https://doi.org/10.1093/oso/9780192897572.003.0010},
  urldate = {2023-06-18},
  isbn = {978-0-19-289757-2}
}

@article{Lin2018,
  title = {The Constitution of Taiwan: A Contextual Analysis},
  shorttitle = {The Constitution of Taiwan},
  author = {Lin, Chien-Chih},
  year = {2018},
  month = jun,
  journal = {International Journal of Constitutional Law},
  volume = {16},
  number = {2},
  pages = {702--706},
  issn = {1474-2640},
  doi = {10.1093/icon/moy017},
  url = {https://doi.org/10.1093/icon/moy017},
  urldate = {2023-06-17}
}

@misc{Magazine,
  title = {The True Story of the Case Ruth Bader Ginsburg Argues in `On the Basis of Sex'},
  author = {Magazine, Smithsonian and Thulin, Lila},
  journal = {Smithsonian Magazine},
  url = {https://www.smithsonianmag.com/history/true-story-case-center-basis-sex-180971110/},
  urldate = {2023-06-18},
  chapter = {History, U.S. History, , Arts \& Culture, , Music \& Film, , Articles},
  langid = {english}
}

@article{williams2004civic,
  title = {Civic Constitutionalism, the Second Amendment, and the Right of Revolution},
  author = {Williams, David C},
  year = {2004},
  journal = {Ind. LJ},
  volume = {79},
  pages = {379--392},
  publisher = {HeinOnline},
  url = {https://heinonline.org/HOL/Page?handle=hein.journals/indana79&div=19&g_sent=1&casa_token=&collection=journals}
}

@book{Yeh_2016a,
  title = {The Constitution of Taiwan: A Contextual Analysis},
  author = {Yeh, Jiunn-rong},
  year = {2016},
  publisher = {Hart Publishing},
  address = {Oxford}
}

@article{Yeh2015,
  title = {Marching towards Civic Constitutionalism with Sunflowers Focus: Taiwan's Sunflower Movement},
  shorttitle = {Marching towards Civic Constitutionalism with Sunflowers Focus},
  author = {Yeh, Jiunn Rong},
  year = {2015},
  journal = {Hong Kong Law Journal},
  volume = {45},
  number = {1},
  pages = {315--330},
  url = {https://heinonline.org/HOL/P?h=hein.journals/honkon45&i=317},
  urldate = {2023-06-17},
  langid = {english}
}

@article{Zackin2015,
  title = {Review of The Civic Constitution: Civic Visions and Struggles in the Path toward Constitutional Democracy},
  shorttitle = {Review of The Civic Constitution},
  author = {Zackin, Emily},
  year = {2015},
  journal = {Political Science Quarterly},
  volume = {130},
  number = {2},
  eprint = {43828607},
  eprinttype = {jstor},
  pages = {390--392},
  publisher = {[The Academy of Political Science, Wiley]},
  issn = {0032-3195},
  url = {https://www.jstor.org/stable/43828607},
  urldate = {2023-06-19},
  collaborator = {Beaumont, Elizabeth}
}

@misc{zotero-158,
  title = {Charles E. Moritz, Petitioner-Appellant, v. Commissioner of Internal Revenue, Respondent-Appellee, 469 F.2d 466 (10th Cir. 1972)},
  journal = {Justia Law},
  url = {https://law.justia.com/cases/federal/appellate-courts/F2/469/466/79852/},
  urldate = {2023-06-18},
  langid = {english}
}

@misc{zotero-169,
  title = {Academic Papers | Abrogating the Rule of Law: The Tai Ji Men Tax Case in Taiwan | Action Alliance to Redress 1219},
  shorttitle = {Academic Papers | Abrogating the Rule of Law},
  url = {https://act1219.org/en/abrogating-the-rule-of-law-the-tai-ji-men-tax-case-in-taiwan/},
  urldate = {2023-06-18},
  langid = {american}
}

@misc{zotero-175,
  title = {Constitutional Court Interpretation No. 745 (Feb. 08, 2017)  - Constitutional Court R.O.C. (Taiwan)},
  url = {https://cons.judicial.gov.tw/en/docdata.aspx?fid=100&id=310926},
  urldate = {2023-06-19}
}

@misc{zotero-194,
  title = {THE TAX SYSTEM AND TAX CONSCIOUSNESS on JSTOR},
  eprint = {41788059},
  eprinttype = {jstor},
  url = {https://www.jstor.org/stable/41788059},
  urldate = {2023-06-19}
}
